<record xmlns="http://www.openarchives.org/OAI/2.0/" xmlns:xsi="http://www.w3.org/2001/XMLSchema-instance"><header><identifier>oai:alma.34CSIC_INST:990013498650204201</identifier><datestamp>2020-02-06T08:40:59Z</datestamp><setSpec>manuscripta</setSpec></header><metadata><record xmlns="http://www.loc.gov/MARC21/slim" xmlns:xsi="http://www.w3.org/2001/XMLSchema-instance" xsi:schemaLocation="http://www.loc.gov/MARC21/slim http://www.loc.gov/standards/marcxml/schema/MARC21slim.xsd"><leader>06998ntm a2200613 i 4500</leader><controlfield tag="005">20181031100336.0</controlfield><controlfield tag="008">100727suuuu                  000 0 ara d</controlfield><controlfield tag="001">990013498650204201</controlfield><datafield tag="035" ind1=" " ind2=" "><subfield code="a">CSIC001349865</subfield></datafield><datafield tag="035" ind1=" " ind2=" "><subfield code="a">(ES-MaCSI)001349865MAD01-Aleph</subfield></datafield><datafield tag="035" ind1=" " ind2=" "><subfield code="a">(OCoLC)1123520531
</subfield></datafield><datafield tag="040" ind1=" " ind2=" "><subfield code="a">ES-MaCSI</subfield><subfield code="b">spa</subfield></datafield><datafield tag="100" ind1="1" ind2=" "><subfield code="a">Ibn Mālik, Muḥammad b. `Abd Abd Allāh</subfield><subfield code="d">(m. 1274).</subfield></datafield><datafield tag="245" ind1="1" ind2="0"><subfield code="a">ألْفِيَّة </subfield><subfield code="h">[Manuscrito]</subfield><subfield code="c">/ مُحمَّدٌ بْنُ مَالِكْ.</subfield></datafield><datafield tag="260" ind1=" " ind2=" "><subfield code="c">[S. f.].</subfield></datafield><datafield tag="300" ind1=" " ind2=" "><subfield code="a">117 f. (con guardas al principio y al final) ;</subfield><subfield code="c">22,5 x 18 cm (caja: 14 x 11 cm).</subfield></datafield><datafield tag="490" ind1="1" ind2=" "><subfield code="a">Manuscripta</subfield></datafield><datafield tag="546" ind1=" " ind2=" "><subfield code="a">Arabe</subfield><subfield code="b">Escritura magrebí</subfield></datafield><datafield tag="500" ind1=" " ind2=" "><subfield code="a">Título transliterado: Alfiyya</subfield></datafield><datafield tag="500" ind1=" " ind2=" "><subfield code="a">Distribución: 1 col. La mayor parte de la obra tiene 5 líneas por página.</subfield></datafield><datafield tag="500" ind1=" " ind2=" "><subfield code="a">Material: Papel</subfield></datafield><datafield tag="500" ind1=" " ind2=" "><subfield code="a">Tinta: negra y roja</subfield></datafield><datafield tag="500" ind1=" " ind2=" "><subfield code="a">(بعد البسملة والتصلية) قَالَ مُحمّدٌ هُوَ بْنُ مَالِكْ أَحمَدُ رَبِّي اللهَ خَيرَ مَالِكِ مُصَلِّياً عَلَى الرَّسُولِ المُصْطَفَى وَآلِهِ المسْتَكمِلينَ الشُّرفَاء :‪Incipit</subfield></datafield><datafield tag="500" ind1=" " ind2=" "><subfield code="a">والْياءُ في النَّصْب وَجَرٍّ كالأَلِفْ إِلاَّ مما يبني وَمَا بهِ لحِقْ ونيّةُ المحذُوف في كُلٍّ تَحِقْ وقَدرَهْ حَذْفُ حُرُوفِ العِلَّةِ والنُّون أنْ يُبْتنَ الضرُورَةِ :‪Explicit</subfield></datafield><datafield tag="500" ind1=" " ind2=" "><subfield code="a">Lugar de escritura: No consta</subfield></datafield><datafield tag="500" ind1=" " ind2=" "><subfield code="a">Copista: No consta</subfield></datafield><datafield tag="500" ind1=" " ind2=" "><subfield code="a">Colofón: No consta</subfield></datafield><datafield tag="500" ind1=" " ind2=" "><subfield code="a">Características especiales: Texto vocalizado</subfield></datafield><datafield tag="500" ind1=" " ind2=" "><subfield code="a">Ilustración: No</subfield></datafield><datafield tag="500" ind1=" " ind2=" "><subfield code="a">Ilustraciones: Los epígrafes se marcan con tinta roja oscura, en caracteres más grandes y alargados, mientras que, la caja aparece enmarcada con un doble marco de color rojo claro igual que el del texto. A modo de elemento decorativo aparece en medio de los hemistiquios de un verso un punto en tinta roja oscura igual que la de los epígrafes</subfield></datafield><datafield tag="500" ind1=" " ind2=" "><subfield code="a">Tipo de cuaderno: 13 cuads.: 2 bifolios y 11 quiniones; más 3 folios sueltos</subfield></datafield><datafield tag="500" ind1=" " ind2=" "><subfield code="a">Deterioros: En general, buen estado del texto. - La encuadernación está deteriorada con las tapas sueltas y los cuadernos descosidos. En algunos folios del volumen hay galerías, manchas y deterioro de la tinta que apenas afectan al texto del volumen</subfield></datafield><datafield tag="500" ind1=" " ind2=" "><subfield code="a">H en blanco: 5 H en blanco: folios 1r, 3v y del 4 al 6.</subfield></datafield><datafield tag="500" ind1=" " ind2=" "><subfield code="a">H dañadas, mutiladas, sueltas: No</subfield></datafield><datafield tag="500" ind1=" " ind2=" "><subfield code="a">H faltan o añadidas: No</subfield></datafield><datafield tag="500" ind1=" " ind2=" "><subfield code="a">Foliación: Foliación original en tinta roja en el centro del margen superior de todos los folios versos empezando el folio1 en el 7v y terminando el 109 en el 115v. - Foliación moderna a lápiz hecha por Naima Anahnah (2010)</subfield></datafield><datafield tag="500" ind1=" " ind2=" "><subfield code="a">Reclamos: Sin reclamos</subfield></datafield><datafield tag="500" ind1=" " ind2=" "><subfield code="a">Sign. cuad.: No</subfield></datafield><datafield tag="500" ind1=" " ind2=" "><subfield code="a">Pautado: Punta seca (casi inapreciable).</subfield></datafield><datafield tag="500" ind1=" " ind2=" "><subfield code="a">Filigrana: No</subfield></datafield><datafield tag="563" ind1=" " ind2=" "><subfield code="a">Encuadernación: Cartera en piel granate sobre cartón, con un papel estampado con motivos florales que cubre la pérdida de la piel de las tapas.</subfield></datafield><datafield tag="541" ind1=" " ind2=" "><subfield code="a">Compra</subfield><subfield code="c">[Familia Granados Montoro]</subfield><subfield code="d">Ingreso: 25 de julio de 1986</subfield></datafield><datafield tag="500" ind1=" " ind2=" "><subfield code="a">Signatura antigua: VOL. XXVII ; CAJA 1-7</subfield></datafield><datafield tag="500" ind1=" " ind2=" "><subfield code="a">Anotaciones: Frecuentes anotaciones marginales en todo el volumen, tanto del mismo copista como de otras manos posteriores. - Las anotaciones marginales son en su mayoría comentarios sobre el contenido del texto, aunque la gran mayoría de estos comentarios de inscriben dentro de los espacios interlineales. - También hay anotaciones en el interior de la tapa principal, así como en las guardas de diferente mano, tinta y contenido. - En el interior de la tapa posterior, escrito a lápiz en el margen superior derecho, se leen las antiguas signaturas del volumen: Caja 1, 7 y VOL. XXVII; mientras que, en el margen superior izquierdo se lee el número 7 que, probablemente, hacía referencia al número de catalogación del volumen antes de su ingreso en la BEEA. - Por otro lado, una etiqueta en el lomo repite la antigua signatura del volumen “CAJA 1, 7”.</subfield></datafield><datafield tag="581" ind1=" " ind2=" "><subfield code="a">Manuscritos árabes y fondo antiguo de la Escuela de Estudios Árabes, Granada, 2007, 92</subfield></datafield><datafield tag="530" ind1=" " ind2=" "><subfield code="a">Otros soportes: No</subfield></datafield><datafield tag="581" ind1=" " ind2=" "><subfield code="a">Edición: No</subfield></datafield><datafield tag="510" ind1=" " ind2=" "><subfield code="a">Manuscritos árabes y fondo antiguo de la Escuela de Estudios Árabes</subfield><subfield code="c">p. 92</subfield></datafield><datafield tag="520" ind1="2" ind2=" "><subfield code="a">Contenido: Indices de la Alfiyya (1v-3r).- Alfiyya (7v-115v). - Otras cuestiones gramaticales (116r-117v)</subfield></datafield><datafield tag="650" ind1=" " ind2="7"><subfield code="a">Arabe</subfield><subfield code="x">Gramática</subfield><subfield code="v">Manuscritos.</subfield><subfield code="2">CSICAU</subfield></datafield><datafield tag="740" ind1="0" ind2=" "><subfield code="a">Alfiyya</subfield></datafield><datafield tag="830" ind1=" " ind2="0"><subfield code="a">Manuscripta</subfield></datafield><datafield tag="856" ind1="4" ind2="1"><subfield code="u">http://aleph.csic.es/imagenes/mad01/0006_PMSC/P_001349865_783203_V00.pdf</subfield><subfield code="z">Descargar Pdf completo (27M)</subfield><subfield code="m">CSIC</subfield></datafield><datafield tag="856" ind1="4" ind2="1"><subfield code="u">http://simurg.bibliotecas.csic.es/viewer/image/CSIC001349865/1/</subfield><subfield code="z">Ver texto completo en SIMURG, el portal de fondos digitalizados del CSIC</subfield><subfield code="m">CSIC</subfield></datafield><datafield tag="856" ind1="4" ind2="1"><subfield code="u">http://aleph.csic.es/imagenes/mad01/0006_PMSC/html/001349865.html</subfield><subfield code="z">Ver texto completo en Bookreader</subfield></datafield></record></metadata></record>